<record xmlns='http://www.loc.gov/MARC21/slim'><leader>01241cim a22003492u 4500</leader><controlfield tag='001'>3604611</controlfield><controlfield tag='005'>20151214183430.0</controlfield><controlfield tag='007'>ss|lmnjluz|nuu</controlfield><controlfield tag='008'>991101s1985    nyunnn         l    eng d</controlfield><datafield ind1=' ' ind2=' ' tag='035'><subfield code='a'>(NIC)notisASG1676</subfield></datafield><datafield ind1=' ' ind2=' ' tag='035'><subfield code='a'>3604611</subfield></datafield><datafield ind1=' ' ind2=' ' tag='035'><subfield code='a'>(OCoLC)63903066</subfield></datafield><datafield ind1=' ' ind2=' ' tag='040'><subfield code='a'>NIC</subfield><subfield code='c'>NIC</subfield><subfield code='d'>NIC</subfield><subfield code='d'>NIC</subfield></datafield><datafield ind1='1' ind2=' ' tag='100'><subfield code='a'>Derrida, Jacques.</subfield></datafield><datafield ind1='1' ind2='0' tag='245'><subfield code='a'>Heidegger&apos;s hand</subfield><subfield code='h'>[sound recording]</subfield></datafield><datafield ind1=' ' ind2=' ' tag='260'><subfield code='c'>1985.</subfield></datafield><datafield ind1=' ' ind2=' ' tag='300'><subfield code='a'>2 sound cassettes (115 min.) :</subfield><subfield code='b'>analog, mono.</subfield></datafield><datafield ind1=' ' ind2=' ' tag='500'><subfield code='a'>Recorded in Ithaca, NY by Cornell University.</subfield></datafield><datafield ind1=' ' ind2=' ' tag='500'><subfield code='a'>Sponsored by: Andrew D. White Professors-At-Large Program.</subfield></datafield><datafield ind1=' ' ind2=' ' tag='500'><subfield code='a'>Speaker(s): French philosopher and author.</subfield></datafield><datafield ind1=' ' ind2=' ' tag='518'><subfield code='a'>Lecture, September 11, 1985.</subfield></datafield><datafield ind1=' ' ind2=' ' tag='520'><subfield code='a'>Derrida translates, reads, and discusses the work of Heidegger.</subfield></datafield><datafield ind1='1' ind2='0' tag='600'><subfield code='a'>Heidegger, Martin,</subfield><subfield code='d'>1889-1976.</subfield></datafield><datafield ind1=' ' ind2='0' tag='650'><subfield code='a'>History</subfield><subfield code='x'>Philosophy.</subfield></datafield><datafield ind1=' ' ind2='0' tag='650'><subfield code='a'>Philosophy.</subfield></datafield><datafield ind1='1' ind2='7' tag='600'><subfield code='a'>Heidegger, Martin,</subfield><subfield code='d'>1889-1976</subfield><subfield code='2'>fast</subfield><subfield code='0'>(OCoLC)fst00032385</subfield></datafield><datafield ind1=' ' ind2='7' tag='650'><subfield code='a'>History</subfield><subfield code='x'>Philosophy</subfield><subfield code='2'>fast</subfield><subfield code='0'>(OCoLC)fst00958266</subfield></datafield><datafield ind1=' ' ind2='7' tag='650'><subfield code='a'>Philosophy</subfield><subfield code='2'>fast</subfield><subfield code='0'>(OCoLC)fst01060777</subfield></datafield><datafield ind1=' ' ind2='0' tag='830'><subfield code='a'>Andrew D. White Professors-At-Large lectures.</subfield></datafield><datafield ind1='1' ind2=' ' tag='899'><subfield code='a'>CULectures</subfield></datafield><datafield ind1=' ' ind2=' ' tag='905'><subfield code='a'>20000407120000.0</subfield></datafield><datafield ind1='2' ind2=' ' tag='948'><subfield code='a'>20141221</subfield><subfield code='b'>m</subfield><subfield code='d'>batch</subfield><subfield code='e'>lts</subfield><subfield code='x'>addfast</subfield></datafield></record>